@inproceedings{direct-methods,
 author = {Irani, Michal and Anandan, P.},
 title = {About Direct Methods},
 booktitle = {Proceedings of the International Workshop on Vision Algorithms: Theory and Practice},
 series = {ICCV '99},
 year = {2000},
 isbn = {3-540-67973-1},
 pages = {267--277},
 numpages = {11},
 url = {http://dl.acm.org/citation.cfm?id=646271.685624},
 acmid = {685624},
 publisher = {Springer-Verlag},
 address = {London, UK, UK},
}

@article{sift-paper,
 author = {Lowe, David G.},
 title = {Distinctive Image Features from Scale-Invariant Keypoints},
 journal = {Int. J. Comput. Vision},
 issue_date = {November 2004},
 volume = {60},
 number = {2},
 month = nov,
 year = {2004},
 issn = {0920-5691},
 pages = {91--110},
 numpages = {20},
 url = {http://dx.doi.org/10.1023/B:VISI.0000029664.99615.94},
 doi = {10.1023/B:VISI.0000029664.99615.94},
 acmid = {996342},
 publisher = {Kluwer Academic Publishers},
 address = {Hingham, MA, USA},
 keywords = {image matching, invariant features, object recognition, scale invariance},
}

@inproceedings{fast-paper,
 author = {Rosten, Edward and Drummond, Tom},
 title = {Machine Learning for High-speed Corner Detection},
 booktitle = {Proceedings of the 9th European Conference on Computer Vision - Volume Part I},
 series = {ECCV'06},
 year = {2006},
 isbn = {3-540-33832-2, 978-3-540-33832-1},
 location = {Graz, Austria},
 pages = {430--443},
 numpages = {14},
 url = {http://dx.doi.org/10.1007/11744023_34},
 doi = {10.1007/11744023_34},
 acmid = {2094478},
 publisher = {Springer-Verlag},
 address = {Berlin, Heidelberg},
}

@article{surf-paper,
 author = {Bay, Herbert and Ess, Andreas and Tuytelaars, Tinne and Van Gool, Luc},
 title = {Speeded-Up Robust Features (SURF)},
 journal = {Comput. Vis. Image Underst.},
 issue_date = {June, 2008},
 volume = {110},
 number = {3},
 month = jun,
 year = {2008},
 issn = {1077-3142},
 pages = {346--359},
 numpages = {14},
 url = {http://dx.doi.org/10.1016/j.cviu.2007.09.014},
 doi = {10.1016/j.cviu.2007.09.014},
 acmid = {1370556},
 publisher = {Elsevier Science Inc.},
 address = {New York, NY, USA},
 keywords = {Camera calibration, Feature description, Interest points, Local features, Object recognition},
}

@inproceedings{orb-paper,
 author = {Rublee, Ethan and Rabaud, Vincent and Konolige, Kurt and Bradski, Gary},
 title = {ORB: An Efficient Alternative to SIFT or SURF},
 booktitle = {Proceedings of the 2011 International Conference on Computer Vision},
 series = {ICCV '11},
 year = {2011},
 isbn = {978-1-4577-1101-5},
 pages = {2564--2571},
 numpages = {8},
 url = {http://dx.doi.org/10.1109/ICCV.2011.6126544},
 doi = {10.1109/ICCV.2011.6126544},
 acmid = {2356268},
 publisher = {IEEE Computer Society},
 address = {Washington, DC, USA},
}

@inproceedings{brief-paper,
 author = {Calonder, Michael and Lepetit, Vincent and Strecha, Christoph and Fua, Pascal},
 title = {BRIEF: Binary Robust Independent Elementary Features},
 booktitle = {Proceedings of the 11th European Conference on Computer Vision: Part IV},
 series = {ECCV'10},
 year = {2010},
 isbn = {3-642-15560-X, 978-3-642-15560-4},
 location = {Heraklion, Crete, Greece},
 pages = {778--792},
 numpages = {15},
 url = {http://dl.acm.org/citation.cfm?id=1888089.1888148},
 acmid = {1888148},
 publisher = {Springer-Verlag},
 address = {Berlin, Heidelberg},
}

@inproceedings{brisk-paper,
 author = {Leutenegger, Stefan and Chli, Margarita and Siegwart, Roland Y.},
 title = {BRISK: Binary Robust Invariant Scalable Keypoints},
 booktitle = {Proceedings of the 2011 International Conference on Computer Vision},
 series = {ICCV '11},
 year = {2011},
 isbn = {978-1-4577-1101-5},
 pages = {2548--2555},
 numpages = {8},
 url = {http://dx.doi.org/10.1109/ICCV.2011.6126542},
 doi = {10.1109/ICCV.2011.6126542},
 acmid = {2356277},
 publisher = {IEEE Computer Society},
 address = {Washington, DC, USA},
}

@inproceedings{svo,
  author = {Forster, Christian and Pizzoli, Matia and Scaramuzza, Davide},
  title = {{SVO}: Fast Semi-Direct Monocular Visual Odometry},
  booktitle = {IEEE International Conference on Robotics and Automation (ICRA)},
  year = {2014}
}

@misc{theia-sfm,
  author = {Chris Sweeney},
  title = {Theia Multiview Geometry Library: Tutorial \& Reference},
  howpublished = "\url{http://theia-sfm.org}",
}
