@inproceedings{svo,
  author = {Forster, Christian and Pizzoli, Matia and Scaramuzza, Davide},
  title = {{SVO}: Fast Semi-Direct Monocular Visual Odometry},
  booktitle = {IEEE International Conference on Robotics and Automation (ICRA)},
  year = {2014}
}
